<?xml version="1.0" encoding="UTF-8"?><collection xmlns="http://www.loc.gov/MARC21/slim"><record><leader>00580nam--2200157-i-4500</leader><controlfield tag="001">000013243</controlfield><controlfield tag="002">20161230</controlfield><controlfield tag="005">20170224010749</controlfield><controlfield tag="008">060222s1000------------r-----000-0-eng-d</controlfield><datafield ind1=" " ind2=" " tag="245"><subfield code="a">Archasological chemistry-11. Based on a symposium sponsored by the Division of the history of chemistru at the 17 th meeting of the American Chemical Society Chicago, Il, Aug.31-Sept.1, 1977</subfield></datafield><datafield ind1=" " ind2=" " tag="260"><subfield code="a">Washington</subfield><subfield code="b">American Chemical Society</subfield><subfield code="c">1978</subfield></datafield><datafield ind1=" " ind2=" " tag="300"><subfield code="a">389 p</subfield></datafield><datafield ind1=" " ind2=" " tag="490"><subfield code="a">Advances In Chemistry Series 171</subfield></datafield><datafield ind1=" " ind2=" " tag="700"><subfield code="a">Carter, Giles F</subfield></datafield><datafield ind1=" " ind2=" " tag="852"><subfield code="a">902.65</subfield></datafield><datafield ind1=" " ind2=" " tag="CAT"><subfield code="a">SYS</subfield><subfield code="c">20170224</subfield><subfield code="h">010749</subfield></datafield></record></collection>